@article{articolo-esempio,
    author = {Autore, Nome and Coautore, Nome},
    title = {Titolo dell'articolo},
    journal = {Nome della rivista},
    volume = {42},
    number = {3},
    pages = {123--456},
    year = {2024},
    doi = {10.1234/esempio},
    url = {https://doi.org/10.1234/esempio}
}

@book{libro-esempio,
    author = {Autore, Nome},
    title = {Titolo del libro},
    publisher = {Nome dell'editore},
    address = {Città dell'editore},
    year = {2023},
    isbn = {978-1-23456-789-0}
}

@inproceedings{conferenza-esempio,
    author = {Autore, Nome and Coautore, Nome},
    title = {Titolo dell'articolo di conferenza},
    booktitle = {Nome della conferenza},
    series = {Sigla della conferenza '24},
    year = {2024},
    pages = {100--110},
    publisher = {Nome dell'editore},
    address = {Città della conferenza}
}

@phdthesis{tesi-esempio,
    author = {Dottorando, Nome},
    title = {Titolo della tesi di dottorato},
    school = {Università degli Studi di Padova},
    year = {2023},
    address = {Padova, Italia},
    month = {luglio}
}

@online{sito-esempio,
    author = {Autore, Nome},
    title = {Titolo della pagina web},
    organization = {Nome dell'organizzazione},
    url = {https://esempio.com/pagina},
    urldate = {2024-04-18}
}

@software{software-esempio,
    author = {Sviluppatore, Nome},
    title = {Nome del software},
    version = {1.0},
    url = {https://esempio.com/software},
    date = {2024}
}